%YAML 1.1
%TAG !u! tag:unity3d.com,2011:
--- !u!1 &7325761318655478852
GameObject:
  m_ObjectHideFlags: 0
  m_CorrespondingSourceObject: {fileID: 0}
  m_PrefabInstance: {fileID: 0}
  m_PrefabAsset: {fileID: 0}
  serializedVersion: 6
  m_Component:
  - component: {fileID: 7325761318655478849}
  - component: {fileID: 7325761318655478854}
  - component: {fileID: 7325761318655478855}
  m_Layer: 0
  m_Name: Enemy
  m_TagString: Untagged
  m_Icon: {fileID: 0}
  m_NavMeshLayer: 0
  m_StaticEditorFlags: 0
  m_IsActive: 1
--- !u!4 &7325761318655478849
Transform:
  m_ObjectHideFlags: 0
  m_CorrespondingSourceObject: {fileID: 0}
  m_PrefabInstance: {fileID: 0}
  m_PrefabAsset: {fileID: 0}
  m_GameObject: {fileID: 7325761318655478852}
  m_LocalRotation: {x: 0, y: 0, z: 0, w: 1}
  m_LocalPosition: {x: -0.07350445, y: 2.9563415, z: 3.23}
  m_LocalScale: {x: 1, y: 1, z: 1}
  m_Children:
  - {fileID: 7325761319259982054}
  m_Father: {fileID: 0}
  m_RootOrder: 0
  m_LocalEulerAnglesHint: {x: 0, y: 0, z: 0}
--- !u!114 &7325761318655478854
MonoBehaviour:
  m_ObjectHideFlags: 0
  m_CorrespondingSourceObject: {fileID: 0}
  m_PrefabInstance: {fileID: 0}
  m_PrefabAsset: {fileID: 0}
  m_GameObject: {fileID: 7325761318655478852}
  m_Enabled: 1
  m_EditorHideFlags: 0
  m_Script: {fileID: 11500000, guid: 231c3ec72e14ea84193b6eaae7d4efeb, type: 3}
  m_Name: 
  m_EditorClassIdentifier: 
  droneAgent: {fileID: 7325761318655478855}
--- !u!195 &7325761318655478855
NavMeshAgent:
  m_ObjectHideFlags: 0
  m_CorrespondingSourceObject: {fileID: 0}
  m_PrefabInstance: {fileID: 0}
  m_PrefabAsset: {fileID: 0}
  m_GameObject: {fileID: 7325761318655478852}
  m_Enabled: 1
  m_AgentTypeID: 0
  m_Radius: 0.5
  m_Speed: 3.5
  m_Acceleration: 8
  avoidancePriority: 50
  m_AngularSpeed: 120
  m_StoppingDistance: 0
  m_AutoTraverseOffMeshLink: 1
  m_AutoBraking: 1
  m_AutoRepath: 1
  m_Height: 2
  m_BaseOffset: 0
  m_WalkableMask: 4294967295
  m_ObstacleAvoidanceType: 4
--- !u!135 &7325761319130657636
SphereCollider:
  m_ObjectHideFlags: 0
  m_CorrespondingSourceObject: {fileID: 0}
  m_PrefabInstance: {fileID: 0}
  m_PrefabAsset: {fileID: 0}
  m_GameObject: {fileID: 1624594458150120033}
  m_Material: {fileID: 0}
  m_IsTrigger: 0
  m_Enabled: 1
  serializedVersion: 2
  m_Radius: 4
  m_Center: {x: 0, y: 0, z: 0}
--- !u!114 &7325761319130657639
MonoBehaviour:
  m_ObjectHideFlags: 0
  m_CorrespondingSourceObject: {fileID: 0}
  m_PrefabInstance: {fileID: 0}
  m_PrefabAsset: {fileID: 0}
  m_GameObject: {fileID: 1624594458150120033}
  m_Enabled: 1
  m_EditorHideFlags: 0
  m_Script: {fileID: 11500000, guid: 4040246308e50fe48ab70a70b46c12d7, type: 3}
  m_Name: 
  m_EditorClassIdentifier: 
  health: 10
  RootObject: {fileID: 7325761318655478852}
--- !u!1 &7325761319259982055
GameObject:
  m_ObjectHideFlags: 0
  m_CorrespondingSourceObject: {fileID: 0}
  m_PrefabInstance: {fileID: 0}
  m_PrefabAsset: {fileID: 0}
  serializedVersion: 6
  m_Component:
  - component: {fileID: 7325761319259982054}
  m_Layer: 0
  m_Name: Body
  m_TagString: Untagged
  m_Icon: {fileID: 0}
  m_NavMeshLayer: 0
  m_StaticEditorFlags: 0
  m_IsActive: 1
--- !u!4 &7325761319259982054
Transform:
  m_ObjectHideFlags: 0
  m_CorrespondingSourceObject: {fileID: 0}
  m_PrefabInstance: {fileID: 0}
  m_PrefabAsset: {fileID: 0}
  m_GameObject: {fileID: 7325761319259982055}
  m_LocalRotation: {x: 0, y: 0, z: 0, w: 1}
  m_LocalPosition: {x: 0, y: 0, z: 0}
  m_LocalScale: {x: 1, y: 1, z: 1}
  m_Children:
  - {fileID: 2364638112292657266}
  m_Father: {fileID: 7325761318655478849}
  m_RootOrder: 0
  m_LocalEulerAnglesHint: {x: 0, y: 0, z: 0}
--- !u!1001 &7325761319130657640
PrefabInstance:
  m_ObjectHideFlags: 0
  serializedVersion: 2
  m_Modification:
    m_TransformParent: {fileID: 7325761319259982054}
    m_Modifications:
    - target: {fileID: -927199367670048503, guid: 35e08824a6fcf8b45bcc0ef8f6fa62eb,
        type: 3}
      propertyPath: m_Name
      value: Model_Drone
      objectReference: {fileID: 0}
    - target: {fileID: -4216859302048453862, guid: 35e08824a6fcf8b45bcc0ef8f6fa62eb,
        type: 3}
      propertyPath: m_LocalPosition.x
      value: 0
      objectReference: {fileID: 0}
    - target: {fileID: -4216859302048453862, guid: 35e08824a6fcf8b45bcc0ef8f6fa62eb,
        type: 3}
      propertyPath: m_LocalPosition.y
      value: 2.47
      objectReference: {fileID: 0}
    - target: {fileID: -4216859302048453862, guid: 35e08824a6fcf8b45bcc0ef8f6fa62eb,
        type: 3}
      propertyPath: m_LocalPosition.z
      value: 0
      objectReference: {fileID: 0}
    - target: {fileID: -4216859302048453862, guid: 35e08824a6fcf8b45bcc0ef8f6fa62eb,
        type: 3}
      propertyPath: m_LocalRotation.x
      value: 0
      objectReference: {fileID: 0}
    - target: {fileID: -4216859302048453862, guid: 35e08824a6fcf8b45bcc0ef8f6fa62eb,
        type: 3}
      propertyPath: m_LocalRotation.y
      value: 0
      objectReference: {fileID: 0}
    - target: {fileID: -4216859302048453862, guid: 35e08824a6fcf8b45bcc0ef8f6fa62eb,
        type: 3}
      propertyPath: m_LocalRotation.z
      value: 0
      objectReference: {fileID: 0}
    - target: {fileID: -4216859302048453862, guid: 35e08824a6fcf8b45bcc0ef8f6fa62eb,
        type: 3}
      propertyPath: m_LocalRotation.w
      value: 1
      objectReference: {fileID: 0}
    - target: {fileID: -4216859302048453862, guid: 35e08824a6fcf8b45bcc0ef8f6fa62eb,
        type: 3}
      propertyPath: m_RootOrder
      value: 0
      objectReference: {fileID: 0}
    - target: {fileID: -4216859302048453862, guid: 35e08824a6fcf8b45bcc0ef8f6fa62eb,
        type: 3}
      propertyPath: m_LocalEulerAnglesHint.x
      value: 0
      objectReference: {fileID: 0}
    - target: {fileID: -4216859302048453862, guid: 35e08824a6fcf8b45bcc0ef8f6fa62eb,
        type: 3}
      propertyPath: m_LocalEulerAnglesHint.y
      value: 0
      objectReference: {fileID: 0}
    - target: {fileID: -4216859302048453862, guid: 35e08824a6fcf8b45bcc0ef8f6fa62eb,
        type: 3}
      propertyPath: m_LocalEulerAnglesHint.z
      value: 0
      objectReference: {fileID: 0}
    - target: {fileID: -4216859302048453862, guid: 35e08824a6fcf8b45bcc0ef8f6fa62eb,
        type: 3}
      propertyPath: m_LocalScale.x
      value: 0.3
      objectReference: {fileID: 0}
    - target: {fileID: -4216859302048453862, guid: 35e08824a6fcf8b45bcc0ef8f6fa62eb,
        type: 3}
      propertyPath: m_LocalScale.y
      value: 0.3
      objectReference: {fileID: 0}
    - target: {fileID: -4216859302048453862, guid: 35e08824a6fcf8b45bcc0ef8f6fa62eb,
        type: 3}
      propertyPath: m_LocalScale.z
      value: 0.3
      objectReference: {fileID: 0}
    m_RemovedComponents: []
  m_SourcePrefab: {fileID: 100100000, guid: 35e08824a6fcf8b45bcc0ef8f6fa62eb, type: 3}
--- !u!1 &1624594458150120033 stripped
GameObject:
  m_CorrespondingSourceObject: {fileID: -927199367670048503, guid: 35e08824a6fcf8b45bcc0ef8f6fa62eb,
    type: 3}
  m_PrefabInstance: {fileID: 7325761319130657640}
  m_PrefabAsset: {fileID: 0}
--- !u!4 &2364638112292657266 stripped
Transform:
  m_CorrespondingSourceObject: {fileID: -4216859302048453862, guid: 35e08824a6fcf8b45bcc0ef8f6fa62eb,
    type: 3}
  m_PrefabInstance: {fileID: 7325761319130657640}
  m_PrefabAsset: {fileID: 0}
